<record><leader>00000cas a22000007a 4500</leader><controlfield tag="001">19242119</controlfield><controlfield tag="008">890221d19131915paudr ne      0    0eng d</controlfield><datafield ind1=" " ind2=" " tag="010"><subfield code="a">sn 89077170 </subfield></datafield><datafield ind1=" " ind2=" " tag="040"><subfield code="a">NPH</subfield><subfield code="b">eng</subfield><subfield code="c">NPH</subfield><subfield code="d">OCLCQ</subfield></datafield><datafield ind1=" " ind2=" " tag="042"><subfield code="a">msc</subfield></datafield><datafield ind1="0" ind2=" " tag="130"><subfield code="a">Morning journal (Lancaster, Pa.)</subfield></datafield><datafield ind1="1" ind2="4" tag="245"><subfield code="a">The morning journal.</subfield></datafield><datafield ind1="1" ind2="7" tag="246"><subfield code="a">Lancaster morning journal</subfield></datafield><datafield ind1=" " ind2=" " tag="260"><subfield code="a">Lancaster, Pa. :</subfield><subfield code="b">[s.n.],</subfield><subfield code="c">1913-1915.</subfield></datafield><datafield ind1=" " ind2=" " tag="300"><subfield code="a">v. :</subfield><subfield code="b">ill.</subfield></datafield><datafield ind1=" " ind2=" " tag="310"><subfield code="a">Daily</subfield></datafield><datafield ind1="0" ind2=" " tag="362"><subfield code="a">Vol. 5, no. 34 (July 7, 1913)-v. 6, no. 224 (Mar. 6, 1915).</subfield></datafield><datafield ind1=" " ind2=" " tag="500"><subfield code="a">Publisher: Steinham &amp; Foltz, &lt;1915&gt;.</subfield></datafield><datafield ind1=" " ind2=" " tag="752"><subfield code="a">United States</subfield><subfield code="b">Pennsylvania</subfield><subfield code="c">Lancaster</subfield><subfield code="d">Lancaster.</subfield></datafield><datafield ind1="0" ind2="0" tag="780"><subfield code="t">Lancaster morning journal</subfield><subfield code="w">(DLC)sn 89077468</subfield></datafield><datafield ind1="0" ind2="7" tag="785"><subfield code="t">Morning news (Lancaster, Pa.)</subfield><subfield code="w">(DLC)sn 88079461</subfield></datafield><datafield ind1="0" ind2="7" tag="785"><subfield code="t">News-journal (Lancaster, Pa.)</subfield><subfield code="w">(DLC)sn 87078011</subfield></datafield></record>